@misc{cohen2024posteriorsamplingmeaningfuldiversity,
      title={From Posterior Sampling to Meaningful Diversity in Image Restoration}, 
      author={Noa Cohen and Hila Manor and Yuval Bahat and Tomer Michaeli},
      year={2024},
      eprint={2310.16047},
      archivePrefix={arXiv},
      primaryClass={cs.CV},
      url={https://arxiv.org/abs/2310.16047}, 
}

@misc{augustin2024digindiffusionguidanceinvestigating,
      title={DiG-IN: Diffusion Guidance for Investigating Networks -- Uncovering Classifier Differences Neuron Visualisations and Visual Counterfactual Explanations}, 
      author={Maximilian Augustin and Yannic Neuhaus and Matthias Hein},
      year={2024},
      eprint={2311.17833},
      archivePrefix={arXiv},
      primaryClass={cs.CV},
      url={https://arxiv.org/abs/2311.17833}, 
}

@misc{rombach2022highresolutionimagesynthesislatent,
      title={High-Resolution Image Synthesis with Latent Diffusion Models}, 
      author={Robin Rombach and Andreas Blattmann and Dominik Lorenz and Patrick Esser and Björn Ommer},
      year={2022},
      eprint={2112.10752},
      archivePrefix={arXiv},
      primaryClass={cs.CV},
      url={https://arxiv.org/abs/2112.10752}, 
}

@misc{ho2022classifierfreediffusionguidance,
      title={Classifier-Free Diffusion Guidance}, 
      author={Jonathan Ho and Tim Salimans},
      year={2022},
      eprint={2207.12598},
      archivePrefix={arXiv},
      primaryClass={cs.LG},
      url={https://arxiv.org/abs/2207.12598}, 
}

@misc{dreyer2025mechanisticunderstandingvalidationlarge,
      title={Mechanistic understanding and validation of large AI models with SemanticLens}, 
      author={Maximilian Dreyer and Jim Berend and Tobias Labarta and Johanna Vielhaben and Thomas Wiegand and Sebastian Lapuschkin and Wojciech Samek},
      year={2025},
      eprint={2501.05398},
      archivePrefix={arXiv},
      primaryClass={cs.LG},
      url={https://arxiv.org/abs/2501.05398}, 
}

@misc{neuhaus2023spuriousfeatureslargescale,
      title={Spurious Features Everywhere -- Large-Scale Detection of Harmful Spurious Features in ImageNet}, 
      author={Yannic Neuhaus and Maximilian Augustin and Valentyn Boreiko and Matthias Hein},
      year={2023},
      eprint={2212.04871},
      archivePrefix={arXiv},
      primaryClass={cs.CV},
      url={https://arxiv.org/abs/2212.04871}, 
}

@article{Lapuschkin_2019,
   title={Unmasking Clever Hans predictors and assessing what machines really learn},
   volume={10},
   ISSN={2041-1723},
   url={http://dx.doi.org/10.1038/s41467-019-08987-4},
   DOI={10.1038/s41467-019-08987-4},
   number={1},
   journal={Nature Communications},
   publisher={Springer Science and Business Media LLC},
   author={Lapuschkin, Sebastian and Wäldchen, Stephan and Binder, Alexander and Montavon, Grégoire and Samek, Wojciech and Müller, Klaus-Robert},
   year={2019},
   month=mar }

@book{pfungst1911cleverHans,
  author    = {Pfungst, Oskar},
  title     = {Clever Hans (the Horse of Mr. Von Osten): A Contribution to Experimental Animal and Human Psychology},
  volume    = {8},
  publisher = {Holt, Rinehart and Winston},
  year      = {1911}
}

@misc{jeanneret2022diffusionmodelscounterfactualexplanations,
      title={Diffusion Models for Counterfactual Explanations}, 
      author={Guillaume Jeanneret and Loïc Simon and Frédéric Jurie},
      year={2022},
      eprint={2203.15636},
      archivePrefix={arXiv},
      primaryClass={cs.CV},
      url={https://arxiv.org/abs/2203.15636}, 
}

@misc{sobieski2024rethinkingvisualcounterfactualexplanations,
      title={Rethinking Visual Counterfactual Explanations Through Region Constraint}, 
      author={Bartlomiej Sobieski and Jakub Grzywaczewski and Bartlomiej Sadlej and Matthew Tivnan and Przemyslaw Biecek},
      year={2024},
      eprint={2410.12591},
      archivePrefix={arXiv},
      primaryClass={cs.CV},
      url={https://arxiv.org/abs/2410.12591}, 
}

@misc{chung2024diffusionposteriorsamplinggeneral,
      title={Diffusion Posterior Sampling for General Noisy Inverse Problems}, 
      author={Hyungjin Chung and Jeongsol Kim and Michael T. Mccann and Marc L. Klasky and Jong Chul Ye},
      year={2024},
      eprint={2209.14687},
      archivePrefix={arXiv},
      primaryClass={stat.ML},
      url={https://arxiv.org/abs/2209.14687}, 
}

@misc{batzolis2021conditionalimagegenerationscorebased,
      title={Conditional Image Generation with Score-Based Diffusion Models}, 
      author={Georgios Batzolis and Jan Stanczuk and Carola-Bibiane Schönlieb and Christian Etmann},
      year={2021},
      eprint={2111.13606},
      archivePrefix={arXiv},
      primaryClass={cs.LG},
      url={https://arxiv.org/abs/2111.13606}, 
}

@misc{song2021scorebasedgenerativemodelingstochastic,
      title={Score-Based Generative Modeling through Stochastic Differential Equations}, 
      author={Yang Song and Jascha Sohl-Dickstein and Diederik P. Kingma and Abhishek Kumar and Stefano Ermon and Ben Poole},
      year={2021},
      eprint={2011.13456},
      archivePrefix={arXiv},
      primaryClass={cs.LG},
      url={https://arxiv.org/abs/2011.13456}, 
}

@inproceedings{robbins1992empirical,
    author={Robbins, Herbert E},
    title={{An empirical Bayes approach to statistics}},
    booktitle={Breakthroughs in Statistics: Foundations and basic theory},
    year={1992},
}

@inproceedings{chung2022improving,
  title={Improving diffusion models for inverse problems using manifold constraints},
  author={Chung, Hyungjin and Sim, Byeongsu and Ryu, Dohoon and Ye, Jong Chul},
  booktitle={Advances in Neural Information Processing Systems},
  year={2022}
}

@inproceedings{weng2024fast,
    title={Fast diffusion-based counterfactuals for shortcut removal and generation},
    author={Weng, Nina and Pegios, Paraskevas and Feragen, Aasa and Petersen, Eike and Bigdeli, Siavash},
    booktitle = {European Conference on Computer Vision},
    year = {2024}
}
